@book{sommerville-software-engineering,
	title = "Software Engineering",
	edition = 10,
	author = "I. Sommerville",
	publisher = "Pearson Education Limited",
	isbn = "978-1-292-09613-1",
	year = 2016,
}

@book{thomas-hunt-pragmatic-programmer,
	title = "The Pragmatic Programmer",
	edition = "20th Anniversary Edition",
	author = "D. Thomas and A. Hunt",
	publisher = "Pearson Education Inc.",
	isbn = "978-0-13-595705-9",
	year = 2020,
}

@standard{sim,
}

@standard{usim,
	title = "ETSI TS 131 102",
	author = "European Telecommunications Standards Institute",
	edition = "18.7.0 Release 18",
	year = 2025,
	month = 1,
	url = "
	       https://www.etsi.org/deliver/etsi_ts/131100_131199/131102/18.07.00_60/ts_131102v180700p.pdf
	       ",
}

@standard{sim-application,
}

@standard{smart-card,
}

@standard{iso7816,
}

@misc{osmocom-remsim,
	title = "osmo-remsim",
	url = "https://osmocom.org/projects/osmo-remsim/wiki",
}

@incollection{alghawi-simbox,
	author = "N. Alghawi",
	title = "A Study on SIM box or Interconnect Bypass Fraud",
	booktitle = "Dissertations for Informatics (Knowledge and Data Management)",
	publisher = "The British University in Dubai (BUiD)",
	year = 2019,
	month = 02,
	url = "https://bspace.buid.ac.ae/handle/1234/1515",
}

@manual{simtrace,
	title = "Overview - SIMtrace 2",
	url = "https://www.osmocom.org/projects/simtrace2",
}

@manual{simtrace-wiki,
	title = "Wiki - SIMtrace 2",
	url = "https://www.osmocom.org/projects/simtrace2/wiki",
}

@misc{leissner-about,
	title = "Our story",
	url = "https://www.leissner.se/about/",
	addendum = "Accessed on 2025-03-10",
}

@misc{leissner-mobile-core,
	title = "MVNE/MVNO Mobile Core â€“ designed with quality in mind",
	url = "https://www.leissner.se/mvnemvno-mobile-core/",
	addendum = "Accessed on 2025-03-10",
}

@misc{pcsc,
	title = "PC/SC Workgroup",
	url = "https://pcscworkgroup.com/",
}

@misc{adr,
	title = "Architecture Decision Records",
	author = "adr.github.io",
	year = 2025,
	url = "https://adr.github.io/",
	addendum = "Accessed on 2025-02-17",
}

@misc{adr-github,
	title = "Architecture decision record",
	author = "J. Parker Henderson",
	year = 2025,
	url = "https://github.com/joelparkerhenderson/architecture-decision-record",
	addendum = "Accessed on 2025-02-17",
}

@misc{doxygen,
	title = "Doxygen",
	url = "",
}

@misc{semver,
	title = "Semantic Versioning",
	url = "",
}

@misc{conventional-commits,
	title = "Conventional Commits",
	url = "",
}

@misc{git-cliff,
	title = "Git Cliff",
	url = "",
}

@misc{git-cliff-bump-version,
	title = "Git Cliff",
	url = "",
}

@misc{git-cliff-tips-and-tricks,
	title = "Git Cliff",
	url = "",
}

