@article{test-cases-as-requirements,
	author = "E. Bjarnason and M. Unterkalmsteiner and M. Borg and E. Engström",
	title = "A multi-case study of agile requirements engineering and the use of
	         test cases as requirements",
	journal = "Information and Software Technology",
	volume = 77,
	pages = "61-79",
	year = 2016,
	month = 09,
}

@book{sommerville-software-engineering,
	title = "Software Engineering",
	edition = 10,
	author = "I. Sommerville",
	publisher = "Pearson Education Limited",
	isbn = "978-1-292-09613-1",
	year = 2016,
}

@book{thomas-hunt-pragmatic-programmer,
	title = "The Pragmatic Programmer",
	edition = "20th Anniversary Edition",
	author = "D. Thomas and A. Hunt",
	publisher = "Pearson Education Inc.",
	isbn = "978-0-13-595705-9",
	year = 2020,
}

@standard{etsi-ts-131-102,
	title = "Universal Mobile Telecommunications System (UMTS); LTE; 5G;
	         Characteristics of the Universal Subscriber Identity Module (USIM)
	         application",
	author = "European Telecommunications Standards Institute",
	edition = "18.7.0 Release 18",
	year = 2025,
	month = 1,
	url = "
	       https://www.etsi.org/deliver/etsi_ts/131100_131199/131102/18.07.00_60/ts_131102v180700p.pdf
	       ",
}

@standard{etsi-ts-102-221,
	title = "Smart Cards; UICC-Terminal interface; Physical and logical
	         characteristics",
	author = "European Telecommunications Standards Institute",
	edition = "18.2.0 Release 18",
	year = 2024,
	month = 6,
	url = "
	       https://www.etsi.org/deliver/etsi_ts/102200_102299/102221/18.02.00_60/ts_102221v180200p.pdf
	       ",
}

@incollection{alghawi-simbox,
	author = "N. Alghawi",
	title = "A Study on SIM box or Interconnect Bypass Fraud",
	booktitle = "Dissertations for Informatics (Knowledge and Data Management)",
	publisher = "The British University in Dubai (BUiD)",
	year = 2019,
	month = 02,
	url = "https://bspace.buid.ac.ae/handle/1234/1515",
}

@misc{osmocom-remsim,
	title = "osmo-remsim",
	author = "Osmocom",
	url = "https://osmocom.org/projects/osmo-remsim/wiki",
	addendum = "Accessed on 2025-03-11",
}

@manual{simtrace,
	title = "Overview - SIMtrace 2",
	author = "Osmocom",
	url = "https://www.osmocom.org/projects/simtrace2",
	addendum = "Accessed on 2025-03-11",
}

@manual{simtrace-wiki,
	title = "Wiki - SIMtrace 2",
	author = "Osmocom",
	url = "https://www.osmocom.org/projects/simtrace2/wiki",
	addendum = "Accessed on 2025-03-11",
}

@misc{leissner-about,
	title = "Our story",
	author = "Leissner Data AB",
	url = "https://www.leissner.se/about/",
	addendum = "Accessed on 2025-03-10",
}

@misc{leissner-mobile-core,
	title = "MVNE/MVNO Mobile Core – designed with quality in mind",
	author = "Leissner Data AB",
	url = "https://www.leissner.se/mvnemvno-mobile-core/",
	addendum = "Accessed on 2025-03-10",
}

@misc{polygator-sim-bank,
	title = "Sim Bank",
	author = "Polygator",
	year = 2025,
	url = "https://polygator.com/articles/388-sim-bank.html",
	addendum = "Accessed on 2025-03-11",
}

@misc{hyprms-sim-bank,
	title = "How does a SIM bank work",
	author = "Hypermedia Systems",
	year = "2017",
	url = "https://hyperms.com/how-does-a-sim-bank-work/",
	addendum = "Accessed on 2025-03-11",
}

@misc{pcsc,
	title = "PC/SC Workgroup",
	url = "https://pcscworkgroup.com/",
	addendum = "Accessed on 2025-01-30",
}

@misc{adr,
	title = "Architecture Decision Records",
	author = "adr.github.io",
	year = 2025,
	url = "https://adr.github.io/",
	addendum = "Accessed on 2025-02-17",
}

@misc{adr-github,
	title = "Architecture decision record",
	author = "J. Parker Henderson",
	year = 2025,
	url = "https://github.com/joelparkerhenderson/architecture-decision-record",
	addendum = "Accessed on 2025-02-17",
}

@misc{doxygen,
	title = "Doxygen homepage",
	author = "doxygen",
	url = "https://www.doxygen.nl/",
	addendum = "Accessed on 2025-03-11",
}

@misc{semver,
	title = "Semantic Versioning",
	author = "semver",
	url = "https://semver.org/",
	edition = "2.0.0",
	addendum = "Accessed on 2025-03-11",
}

@misc{conventional-commits,
	title = "Conventional Commits",
	author = "conventional-commits",
	url = "https://www.conventionalcommits.org/en/v1.0.0/",
	addendum = "Accessed on 2025-03-11",
}

@misc{git-cliff,
	title = "A highly customizable changelog generator",
	author = "git-cliff",
	year = 2025,
	url = "https://git-cliff.org/",
	addendum = "Accessed on 2025-03-11",
}

@misc{git-cliff-bump-version,
	title = "Bump version",
	author = "git-cliff",
	year = 2025,
	url = "https://git-cliff.org/docs/usage/bump-version",
	addendum = "Accessed on 2025-03-11",
}

@misc{git-cliff-tips-and-tricks,
	title = "Tips And Tricks",
	author = "git-cliff",
	year = 2025,
	url = "https://git-cliff.org/docs/tips-and-tricks",
	addendum = "Accessed on 2025-03-11",
}

@misc{googletest,
	title = "GoogleTest User's Guide",
	author = "Google Inc.",
	url = "https://google.github.io/googletest/",
	addendum = "Accessed on 2025-03-11",
}

@software{google-benchmark,
	title = "google/benchmark",
	author = "Google Inc.",
	year = 2025,
	url = "https://github.com/google/benchmark",
	addendum = "Accessed on 2025-03-11",
}

@misc{github-actions,
	title = "GitHub Actions documentation",
	author = "GitHub, Inc.",
	year = 2025,
	url = "https://docs.github.com/en/actions",
	addendum = "Accessed on 2025-03-11",
}

@software{perf,
	title = "perf: Linux profiling with performance counters",
	author = "Linux perf wiki contributors",
	year = 2024,
	url = "https://perfwiki.github.io/main/",
	addendum = "Accessed on 2025-03-11",
}

@software{git,
	title = "Git",
	author = "S. Chacon and J. Long and contributors",
	url = "https://git-scm.com/",
	addendum = "Accessed on 2025-03-13",
}

@misc{tara,
}

@misc{stride,
}

@misc{placeholder-source-for-smart-card-profiles,
}

@misc{placeholder-source-cloud-sim-bank,
}
