@misc{osmo-remsim,
	title = "osmo-remsim",
	url = "https://osmocom.org/projects/osmo-remsim/wiki",
}

@misc{secondary-source,
	title = "TODO: find a secondary source",
}

@misc{pcsc,
	title = "PC/SC",
	url = "https://en.wikipedia.org/wiki/PC/SC",
	note = "Yes I refer to Wikipedia, I assume this part isn't as heavily graded
	        on the academia as the actual report",
}
